<?xml version="1.0" encoding="UTF-8"?><collection xmlns="http://www.loc.gov/MARC21/slim"><record><leader>00622nam--2200169-u-4500</leader><controlfield tag="001">000055546</controlfield><controlfield tag="002">20161230</controlfield><controlfield tag="005">20161230201052</controlfield><controlfield tag="008">130220s1000------------r-----000-0-eng-d</controlfield><datafield ind1=" " ind2=" " tag="040"><subfield code="a">IFIN-HH</subfield></datafield><datafield ind1=" " ind2=" " tag="080"><subfield code="a">030.8:621.039</subfield></datafield><datafield ind1="1" ind2=" " tag="110"><subfield code="a">United Nations Scientific Committee On The Effects And Atomic Radiation</subfield></datafield><datafield ind1="1" ind2="0" tag="245"><subfield code="a">Atomic energy glossary of tehnical terms energie atomique glossaire des termes technique atomnaia energia glossarii tehniceskih terminov energia atomica glosario de terminos tecnicos</subfield></datafield><datafield ind1=" " ind2=" " tag="260"><subfield code="a">New York</subfield><subfield code="b">United Nations</subfield><subfield code="c">1948</subfield></datafield><datafield ind1=" " ind2=" " tag="300"><subfield code="a">81P</subfield></datafield><datafield ind1=" " ind2=" " tag="852"><subfield code="a">D.294</subfield><subfield code="c">SLT</subfield></datafield><datafield ind1=" " ind2=" " tag="CAT"><subfield code="a">Sys</subfield><subfield code="c">20130220</subfield><subfield code="h">161814</subfield></datafield></record></collection>